@misc{ravanelli2021speechbrain,
      title={SpeechBrain: A General-Purpose Speech Toolkit}, 
      author={Mirco Ravanelli and Titouan Parcollet and Peter Plantinga and Aku Rouhe and Samuele Cornell and Loren Lugosch and Cem Subakan and Nauman Dawalatabad and Abdelwahab Heba and Jianyuan Zhong and Ju-Chieh Chou and Sung-Lin Yeh and Szu-Wei Fu and Chien-Feng Liao and Elena Rastorgueva and Fran√ßois Grondin and William Aris and Hwidong Na and Yan Gao and Renato De Mori and Yoshua Bengio},
      year={2021},
      eprint={2106.04624},
      archivePrefix={arXiv},
      primaryClass={eess.AS}
}

@inproceedings{Schroff_2015,
   title={FaceNet: A unified embedding for face recognition and clustering},
   url={http://dx.doi.org/10.1109/CVPR.2015.7298682},
   DOI={10.1109/cvpr.2015.7298682},
   booktitle={2015 IEEE Conference on Computer Vision and Pattern Recognition (CVPR)},
   publisher={IEEE},
   author={Schroff, Florian and Kalenichenko, Dmitry and Philbin, James},
   year={2015},
   month=jun }

@misc{bai2021speaker,
      title={Speaker Recognition Based on Deep Learning: An Overview}, 
      author={Zhongxin Bai and Xiao-Lei Zhang},
      year={2021},
      eprint={2012.00931},
      archivePrefix={arXiv},
      primaryClass={eess.AS}
}

@article{bayat2020inverse,
  title={Inverse mapping of face GANs},
  author={Bayat, Nicky and Khazaie, Vahid Reza and Mohsenzadeh, Yalda},
  journal={arXiv preprint arXiv:2009.05671},
  year={2020}
}


@misc{oshea2015introduction,
      title={An Introduction to Convolutional Neural Networks}, 
      author={Keiron O'Shea and Ryan Nash},
      year={2015},
      eprint={1511.08458},
      archivePrefix={arXiv},
      primaryClass={cs.NE}
}

@misc{wang2014facial,
      title={Facial Feature Point Detection: A Comprehensive Survey}, 
      author={Nannan Wang and Xinbo Gao and Dacheng Tao and Xuelong Li},
      year={2014},
      eprint={1410.1037},
      archivePrefix={arXiv},
      primaryClass={cs.CV}
}

@INPROCEEDINGS{eigenface,
  author={Turk, M.A. and Pentland, A.P.},
  booktitle={Proceedings. 1991 IEEE Computer Society Conference on Computer Vision and Pattern Recognition}, 
  title={Face recognition using eigenfaces}, 
  year={1991},
  volume={},
  number={},
  pages={586-591},
  keywords={Face recognition;Face detection;Humans;Character recognition;Computer vision;Head;Eyes;Nose;Computational modeling;Image recognition},
  doi={10.1109/CVPR.1991.139758}}
